@article{lillicrap2015continuous,
  title={Continuous control with deep reinforcement learning},
  author={Lillicrap, Timothy P and Hunt, Jonathan J and Pritzel, Alexander and Heess, Nicolas and Erez, Tom and Tassa, Yuval and Silver, David and Wierstra, Daan},
  journal={arXiv preprint arXiv:1509.02971},
  year={2015}
}

@article{lowe2017multi,
  title={Multi-agent actor-critic for mixed cooperative-competitive environments},
  author={Lowe, Ryan and Wu, Yi and Tamar, Aviv and Harb, Jean and Abbeel, Pieter and Mordatch, Igor},
  journal={arXiv preprint arXiv:1706.02275},
  year={2017}
}


